<record><leader>00000cas a22000007a 4500</leader><controlfield tag="001">9157341</controlfield><controlfield tag="008">830124d18771896meuwr ne      0    0eng  </controlfield><controlfield tag="009">466</controlfield><datafield ind1=" " ind2=" " tag="010"><subfield code="a">sn 83009599 </subfield></datafield><datafield ind1=" " ind2=" " tag="040"><subfield code="a">DLC</subfield><subfield code="b">eng</subfield><subfield code="c">DLC</subfield><subfield code="d">MBN</subfield><subfield code="d">OCLCQ</subfield><subfield code="d">OCLCO</subfield><subfield code="d">OCLCF</subfield></datafield><datafield ind1="1" ind2=" " tag="029"><subfield code="a">AU@</subfield><subfield code="b">000025819434</subfield></datafield><datafield ind1=" " ind2=" " tag="042"><subfield code="a">msc</subfield></datafield><datafield ind1="0" ind2="0" tag="050"><subfield code="a">Newspaper 8007-X</subfield></datafield><datafield ind1="0" ind2=" " tag="130"><subfield code="a">Herald and record (Damariscotta, Me.)</subfield></datafield><datafield ind1="0" ind2="4" tag="245"><subfield code="a">The herald and record.</subfield></datafield><datafield ind1="1" ind2="3" tag="246"><subfield code="a">Village herald and Lincoln record</subfield><subfield code="f">Nov. 13, 1879</subfield></datafield><datafield ind1="1" ind2="7" tag="246"><subfield code="a">Damariscotta herald and Lincoln record,</subfield><subfield code="f">May 17, 1883</subfield></datafield><datafield ind1=" " ind2=" " tag="260"><subfield code="a">Damariscotta, Me. :</subfield><subfield code="b">Dunbar Brothers</subfield></datafield><datafield ind1=" " ind2=" " tag="300"><subfield code="a">v. :</subfield><subfield code="b">ill. ;</subfield><subfield code="c">68 cm.</subfield></datafield><datafield ind1=" " ind2=" " tag="310"><subfield code="a">Weekly</subfield></datafield><datafield ind1="0" ind2=" " tag="362"><subfield code="a">Vol. 1, no. 40 (Aug. 16, 1877)-</subfield></datafield><datafield ind1="1" ind2=" " tag="362"><subfield code="a">Ceased in 1896?</subfield></datafield><datafield ind1=" " ind2=" " tag="500"><subfield code="a">Place of publication also given as: Newcastle.</subfield></datafield><datafield ind1=" " ind2=" " tag="500"><subfield code="a">"Independent."</subfield></datafield><datafield ind1=" " ind2="0" tag="651"><subfield code="a">Damariscotta (Me.)</subfield><subfield code="v">Newspapers.</subfield></datafield><datafield ind1=" " ind2="0" tag="651"><subfield code="a">Newcastle (Me.)</subfield><subfield code="v">Newspapers.</subfield></datafield><datafield ind1=" " ind2="7" tag="655"><subfield code="a">Newspapers.</subfield><subfield code="2">fast</subfield><subfield code="0">(OCoLC)fst01423814</subfield></datafield><datafield ind1=" " ind2="7" tag="651"><subfield code="a">Maine</subfield><subfield code="z">Damariscotta.</subfield><subfield code="2">fast</subfield><subfield code="0">(OCoLC)fst01214345</subfield></datafield><datafield ind1=" " ind2="7" tag="651"><subfield code="a">Maine</subfield><subfield code="z">Newcastle.</subfield><subfield code="2">fast</subfield><subfield code="0">(OCoLC)fst01214258</subfield></datafield><datafield ind1=" " ind2=" " tag="752"><subfield code="a">United States</subfield><subfield code="b">Maine</subfield><subfield code="c">Lincoln</subfield><subfield code="d">Damariscotta.</subfield></datafield><datafield ind1=" " ind2=" " tag="752"><subfield code="a">United States</subfield><subfield code="b">Maine</subfield><subfield code="c">Lincoln</subfield><subfield code="d">Newcastle.</subfield></datafield><datafield ind1="0" ind2="0" tag="780"><subfield code="t">Village herald</subfield><subfield code="w">(DLC)sn 97070821</subfield></datafield><datafield ind1="0" ind2="0" tag="785"><subfield code="t">Damariscotta herald</subfield><subfield code="w">(DLC)sn 95067833</subfield></datafield></record>